
% check out help on syntax at ~/Documents/texmaker/bibtex

@article{greenwade93,
    author  = "George D. Greenwade",
    title   = "The {C}omprehensive {T}ex {A}rchive {N}etwork ({CTAN})",
    year    = "1993",
    journal = "TUGBoat",
    volume  = "14",
    number  = "3",
    pages   = "342--351"
}

@ARTICLE{Hardy2007,
author = {Ibn Taymiyyah, Aḥmad ibn ʿAbd al{-}Halīm},
title = {Naqḍ al{-}manṭiq},
shorttitle = {Naqḍ al-manṭiq},
editor = {Ḥamzah, Aḥmad},
publisher = {Maktabat a{l-}Sunnah},
address = {Cairo},
year = {1970},
sortname = {IbnTaymiyyaNaqdalmantiq},
keywords = { Logic, Medieval}
} 

@book{goossens93,
    author    = "Michel Goossens and Frank Mittelbach and Alexander Samarin",
    title     = "The LaTeX Companion",
    year      = "1993",
    publisher = "Addison-Wesley",
    address   = "Reading, Massachusetts"
}
